@Misc{exess2023,
  author       = {Smolka, Alexander},
  howpublished = {\url{https://smolkaa.github.io}},
  title        = {Extraterrestrial Exosphere and Surface Simulations},
  year         = {2023},
}
